

@inproceedings{chen2020maenet,
  title={Maenet: Boosting feature representation for cross-modal person re-identification with pairwise supervision},
  author={\textbf{Chen, Yongbiao} and Zhang, Sheng and Qi, Zhengwei},
  booktitle={Proceedings of the 2020 International Conference on Multimedia Retrieval},
  pages={442--449},
  year={2020}
}

@article{chen2021dvhn,
  title={DVHN: A Deep Hashing Framework for Large-scale Vehicle Re-identification},
  author={\textbf{Chen, Yongbiao} and Zhang, Sheng and Liu, Fangxin and Wu, Chenggang and Guo, Kaicheng and Qi, Zhengwei},
  journal={Accepted to IEEE TITS with minor revision (JCR Q1 IF 9.551)},
  year={2022z}
}
@inproceedings{liu2022spikeconverter,
  title={Spikeconverter: An efficient conversion framework zipping the gap between artificial neural networks and spiking neural networks},
  author={Liu, Fangxin and Zhao, Wenbo and \textbf{Chen, Yongbiao} and Wang, Zongwu and Jiang, Li},
  year={2022}
}

@inproceedings{wen2021non,
  title={Non-Local Attention Learning for Medical Image Classification},
  author={Wen, Yang and Chen, Leiting and Chen, Haisheng and Tang, Ximan and Deng, Yu and \textbf{Chen, Yongbiao} and Zhou, Chuan},
  booktitle={2021 IEEE International Conference on Multimedia and Expo (ICME)},
  pages={1--6},
  year={2021},
  organization={IEEE}
}

@inproceedings{liu2022sato,
  title={SATO: spiking neural network acceleration via temporal-oriented dataflow and architecture},
  author={Liu, Fangxin and Zhao, Wenbo and Wang, Zongwu and \textbf{Chen, Yongbiao} and Yang, Tao and He, Zhezhi and Yang, Xiaokang and Jiang, Li},
  booktitle={Proceedings of the 59th ACM/IEEE Design Automation Conference},
  pages={1105--1110},
  year={2022}
}

@inproceedings{liu2022pim,
  title={PIM-DH: ReRAM-based processing-in-memory architecture for deep hashing acceleration},
  author={Liu, Fangxin and Zhao, Wenbo and \textbf{Chen, Yongbiao} and Wang, Zongwu and He, Zhezhi and Yang, Rui and Tang, Qidong and Yang, Tao and Zhuo, Cheng and Jiang, Li},
  booktitle={Proceedings of the 59th ACM/IEEE Design Automation Conference},
  pages={1087--1092},
  year={2022}
}
@inproceedings{liu2022ebsp,
  title={EBSP: evolving bit sparsity patterns for hardware-friendly inference of quantized deep neural networks},
  author={Liu, Fangxin and Zhao, Wenbo and Wang, Zongwu and \textbf{Chen, Yongbiao} and He, Zhezhi and Jing, Naifeng and Liang, Xiaoyao and Jiang, Li},
  booktitle={Proceedings of the 59th ACM/IEEE Design Automation Conference},
  pages={259--264},
  year={2022}
}
@inproceedings{liu2022dynsnn,
  title={DynSNN: A Dynamic Approach to Reduce Redundancy in Spiking Neural Networks},
  author={Liu, Fangxin and Zhao, Wenbo and \textbf{Chen, Yongbiao} and Wang, Zongwu and Dai, Fei},
  booktitle={ICASSP 2022-2022 IEEE International Conference on Acoustics, Speech and Signal Processing (ICASSP)},
  pages={2130--2134},
  year={2022},
  organization={IEEE}
}

